@inproceedings{chen2018execution,
  title={Execution-guided neural program synthesis},
  author={Chen, Xinyun and Liu, Chang and Song, Dawn},
  booktitle={ICLR},
  year={2018}
}

@inproceedings{si2018learning,
  title={Learning a meta-solver for syntax-guided program synthesis},
  author={Si, Xujie and Yang, Yuan and Dai, Hanjun and Naik, Mayur and Song, Le},
  booktitle={ICLR},
  year={2018}
}

@inproceedings{nye2019learning,
  title={Learning to infer program sketches},
  author={Nye, Maxwell and Hewitt, Luke and Tenenbaum, Joshua and Solar-Lezama, Armando},
  booktitle={ICML},
  year={2019}
}

@inproceedings{mao2019neuro,
  title={The neuro-symbolic concept learner: Interpreting scenes, words, and sentences from natural supervision},
  author={Mao, Jiayuan and Gan, Chuang and Kohli, Pushmeet and Tenenbaum, Joshua B and Wu, Jiajun},
  booktitle={ICLR},
  year={2019}
}

@article{ma2019towards,
  title={Towards Generalizable Neuro-Symbolic Systems for Commonsense Question Answering},
  author={Ma, Kaixin and Francis, Jonathan and Lu, Quanyang and Nyberg, Eric and Oltramari, Alessandro},
  journal={arXiv preprint arXiv:1910.14087},
  year={2019}
}

@inproceedings{golland2010game,
  title={A game-theoretic approach to generating spatial descriptions},
  author={Golland, Dave and Liang, Percy and Klein, Dan},
  booktitle={Proceedings of the 2010 conference on empirical methods in natural language processing},
  pages={410--419},
  year={2010},
  organization={Association for Computational Linguistics}
}

@inproceedings{kazemzadeh2014referitgame,
  title={Referitgame: Referring to objects in photographs of natural scenes},
  author={Kazemzadeh, Sahar and Ordonez, Vicente and Matten, Mark and Berg, Tamara},
  booktitle={Proceedings of the 2014 conference on empirical methods in natural language processing (EMNLP)},
  pages={787--798},
  year={2014}
}

@inproceedings{yu2017joint,
  title={A joint speaker-listener-reinforcer model for referring expressions},
  author={Yu, Licheng and Tan, Hao and Bansal, Mohit and Berg, Tamara L},
  booktitle={Proceedings of the IEEE Conference on Computer Vision and Pattern Recognition},
  pages={7282--7290},
  year={2017}
}

@inproceedings{johnson2017clevr,
  title={Clevr: A diagnostic dataset for compositional language and elementary visual reasoning},
  author={Johnson, Justin and Hariharan, Bharath and van der Maaten, Laurens and Fei-Fei, Li and Lawrence Zitnick, C and Girshick, Ross},
  booktitle={Proceedings of the IEEE Conference on Computer Vision and Pattern Recognition},
  pages={2901--2910},
  year={2017}
}

@inproceedings{alur2017scaling,
  title={Scaling enumerative program synthesis via divide and conquer},
  author={Alur, Rajeev and Radhakrishna, Arjun and Udupa, Abhishek},
  booktitle={International Conference on Tools and Algorithms for the Construction and Analysis of Systems},
  pages={319--336},
  year={2017},
  organization={Springer}
}

@inproceedings{ellis2018learning,
  title={Learning to infer graphics programs from hand-drawn images},
  author={Ellis, Kevin and Ritchie, Daniel and Solar-Lezama, Armando and Tenenbaum, Josh},
  booktitle={Advances in Neural Information Processing Systems},
  pages={6060--6069},
  year={2018}
}

@inproceedings{ellis2015unsupervised,
  title={Unsupervised learning by program synthesis},
  author={Ellis, Kevin and Solar-Lezama, Armando and Tenenbaum, Josh},
  booktitle={Advances in neural information processing systems},
  pages={973--981},
  year={2015}
}

@inproceedings{inala2020synthesizing,
  title={Synthesizing programmatic policies that inductively generalize},
  author={Inala, Jeevana and Bastani, Osbert and Tavares, Zenna and Solar-Lezama, Armando},
  booktitle={ICLR},
  year={2020}
}

@inproceedings{valkov2018houdini,
  title={HOUDINI: Lifelong Learning as Program Synthesis},
  author={Valkov, Lazar and Chaudhari, Dipak and Srivastava, Akash and Sutton, Charles and Chaudhuri, Swarat},
  booktitle={Advances in Neural Information Processing Systems},
  pages={8701--8712},
  year={2018}
}

@inproceedings{parisotto2017neuro,
  title={Neuro-symbolic program synthesis},
  author={Parisotto, Emilio and Mohamed, Abdel-rahman and Singh, Rishabh and Li, Lihong and Zhou, Dengyong and Kohli, Pushmeet},
  booktitle={ICLR},
  year={2017}
}

@inproceedings{verma2018programmatically,
  title={Programmatically Interpretable Reinforcement Learning},
  author={Verma, Abhinav and Murali, Vijayaraghavan and Singh, Rishabh and Kohli, Pushmeet and Chaudhuri, Swarat},
  booktitle={ICML},
  year={2018}
}

@inproceedings{bastani2018verifiable,
  title={Verifiable Reinforcement Learning via Policy Extraction},
  author={Bastani, Osbert and Pu, Yewen and Solar-Lezama, Armando},
  booktitle={NIPS},
  year={2018}
}

@inproceedings{pu2018selecting,
  title={Selecting Representative Examples for Program Synthesis},
  author={Pu, Yewen and Miranda, Zachery and Solar-Lezama, Armando and Kaelbling, Leslie},
  booktitle={International Conference on Machine Learning},
  pages={4158--4167},
  year={2018}
}

@article{lake2015human,
  title={Human-level concept learning through probabilistic program induction},
  author={Lake, Brenden M and Salakhutdinov, Ruslan and Tenenbaum, Joshua B},
  journal={Science},
  volume={350},
  number={6266},
  pages={1332--1338},
  year={2015},
  publisher={American Association for the Advancement of Science}
}

@inproceedings{verma2019imitation,
  title={Imitation-Projected Programmatic Reinforcement Learning},
  author={Verma, Abhinav and Le, Hoang and Yue, Yisong and Chaudhuri, Swarat},
  booktitle={Advances in Neural Information Processing Systems},
  pages={15726--15737},
  year={2019}
}

@inproceedings{young2019learning,
  title={Learning neurosymbolic generative models via program synthesis},
  author={Young, Halley and Bastani, Osbert and Naik, Mayur},
  booktitle={ICML},
  year={2019}
}

@inproceedings{bunel2018leveraging,
  title={Leveraging grammar and reinforcement learning for neural program synthesis},
  author={Bunel, Rudy and Hausknecht, Matthew and Devlin, Jacob and Singh, Rishabh and Kohli, Pushmeet},
  booktitle={ICLR},
  year={2018}
}

@inproceedings{menon2013machine,
  title={A machine learning framework for programming by example},
  author={Menon, Aditya and Tamuz, Omer and Gulwani, Sumit and Lampson, Butler and Kalai, Adam},
  booktitle={ICML},
  pages={187--195},
  year={2013},
  publisher = {Proceedings of Machine Learning Research}
}

@inproceedings{balog2017deepcoder,
  title={Deepcoder: Learning to write programs},
  author={Balog, Matej and Gaunt, Alexander L and Brockschmidt, Marc and Nowozin, Sebastian and Tarlow, Daniel},
  booktitle={ICLR},
  year={2017}
}

@inproceedings{feng2018program,
  author    = {Yu Feng and
               Ruben Martins and
               Osbert Bastani and
               Isil Dillig},
  title     = {Program synthesis using conflict-driven learning},
  booktitle = pldi,
  pages     = {420--435},
  year      = {2018}
}

@inproceedings{ellis2018dreamcoder,
  title={Dreamcoder: Bootstrapping domain-specific languages for neurally-guided bayesian program learning},
  author={Ellis, Kevin and Morales, Lucas and Meyer, Mathias Sabl and Solar-Lezama, Armando and Tenenbaum, Joshua B},
  booktitle={NeurIPS},
  year={2018}
}

@inproceedings{albarghouthi2017constraint,
  title={Constraint-based synthesis of Datalog programs},
  author={Albarghouthi, Aws and Koutris, Paraschos and Naik, Mayur and Smith, Calvin},
  booktitle={International Conference on Principles and Practice of Constraint Programming},
  pages={689--706},
  year={2017},
  organization={Springer}
}

@inproceedings{si2018syntax,
  title={Syntax-guided synthesis of datalog programs},
  author={Si, Xujie and Lee, Woosuk and Zhang, Richard and Albarghouthi, Aws and Koutris, Paraschos and Naik, Mayur},
  booktitle={Proceedings of the 2018 26th ACM Joint Meeting on European Software Engineering Conference and Symposium on the Foundations of Software Engineering},
  pages={515--527},
  year={2018}
}

@inproceedings{si2019synthesizing,
  title={Synthesizing Datalog programs using numerical relaxation},
  author={Si, Xujie and Raghothaman, Mukund and Heo, Kihong and Naik, Mayur},
  booktitle={IJCAI},
  year={2019}
}

@article{raghothaman2019provenance,
  title={Provenance-guided synthesis of Datalog programs},
  author={Raghothaman, Mukund and Mendelson, Jonathan and Zhao, David and Naik, Mayur and Scholz, Bernhard},
  journal={Proceedings of the ACM on Programming Languages},
  volume={4},
  number={POPL},
  pages={1--27},
  year={2019},
  publisher={ACM New York, NY, USA}
}

@inproceedings{de2007problog,
  title={ProbLog: A Probabilistic Prolog and Its Application in Link Discovery.},
  author={De Raedt, Luc and Kimmig, Angelika and Toivonen, Hannu},
  booktitle={IJCAI},
  volume={7},
  pages={2462--2467},
  year={2007},
  organization={Hyderabad}
}

@inproceedings{manhaeve2018deepproblog,
  title={Deepproblog: Neural probabilistic logic programming},
  author={Manhaeve, Robin and Dumancic, Sebastijan and Kimmig, Angelika and Demeester, Thomas and De Raedt, Luc},
  booktitle={Advances in Neural Information Processing Systems},
  pages={3749--3759},
  year={2018}
}

@inproceedings{santoro2017simple,
  title={A simple neural network module for relational reasoning},
  author={Santoro, Adam and Raposo, David and Barrett, David G and Malinowski, Mateusz and Pascanu, Razvan and Battaglia, Peter and Lillicrap, Timothy},
  booktitle={Advances in neural information processing systems},
  pages={4967--4976},
  year={2017}
}

@inproceedings{santoro2018relational,
  title={Relational recurrent neural networks},
  author={Santoro, Adam and Faulkner, Ryan and Raposo, David and Rae, Jack and Chrzanowski, Mike and Weber, Theophane and Wierstra, Daan and Vinyals, Oriol and Pascanu, Razvan and Lillicrap, Timothy},
  booktitle={Advances in neural information processing systems},
  pages={7299--7310},
  year={2018}
}

@inproceedings{dong2019neural,
  title={Neural logic machines},
  author={Dong, Honghua and Mao, Jiayuan and Lin, Tian and Wang, Chong and Li, Lihong and Zhou, Denny},
  booktitle={ICLR},
  year={2019}
}

@article{wang2019satnet,
  title={SATNet: Bridging deep learning and logical reasoning using a differentiable satisfiability solver},
  author={Wang, Po-Wei and Donti, Priya L and Wilder, Bryan and Kolter, Zico},
  journal={arXiv preprint arXiv:1905.12149},
  year={2019}
}

@inproceedings{gaunt2017differentiable,
  title={Differentiable programs with neural libraries},
  author={Gaunt, Alexander L and Brockschmidt, Marc and Kushman, Nate and Tarlow, Daniel},
  booktitle={Proceedings of the 34th International Conference on Machine Learning-Volume 70},
  pages={1213--1222},
  year={2017},
  organization={JMLR. org}
}

@article{cohen2018tensorlog,
  title={Tensorlog: Deep learning meets probabilistic databases},
  author={Cohen, William W and Yang, Fan and Mazaitis, Kathryn Rivard},
  journal={Journal of Artificial Intelligence Research},
  volume={1},
  pages={1--15},
  year={2018}
}

@inproceedings{jothimurugan2019composable,
  title={A Composable Specification Language for Reinforcement Learning Tasks},
  author={Jothimurugan, Kishor and Alur, Rajeev and Bastani, Osbert},
  booktitle={Advances in Neural Information Processing Systems},
  pages={13021--13030},
  year={2019}
}

@article{krishna2017visual,
  title={Visual genome: Connecting language and vision using crowdsourced dense image annotations},
  author={Krishna, Ranjay and Zhu, Yuke and Groth, Oliver and Johnson, Justin and Hata, Kenji and Kravitz, Joshua and Chen, Stephanie and Kalantidis, Yannis and Li, Li-Jia and Shamma, David A and others},
  journal={International Journal of Computer Vision},
  volume={123},
  number={1},
  pages={32--73},
  year={2017},
  publisher={Springer}
}

@inproceedings{yi2018neural,
  title={Neural-symbolic vqa: Disentangling reasoning from vision and language understanding},
  author={Yi, Kexin and Wu, Jiajun and Gan, Chuang and Torralba, Antonio and Kohli, Pushmeet and Tenenbaum, Josh},
  booktitle={Advances in Neural Information Processing Systems},
  pages={1031--1042},
  year={2018}
}

@inproceedings{redmon2016you,
  title={You only look once: Unified, real-time object detection},
  author={Redmon, Joseph and Divvala, Santosh and Girshick, Ross and Farhadi, Ali},
  booktitle={Proceedings of the IEEE conference on computer vision and pattern recognition},
  pages={779--788},
  year={2016}
}

@inproceedings{kipf2016semi,
  title={Semi-supervised classification with graph convolutional networks},
  author={Kipf, Thomas N and Welling, Max},
  booktitle={ICLR},
  year={2017}
}

@book{alur2013syntax,
  title={Syntax-guided synthesis},
  author={Alur, Rajeev and Bodik, Rastislav and Juniwal, Garvit and Martin, Milo MK and Raghothaman, Mukund and Seshia, Sanjit A and Singh, Rishabh and Solar-Lezama, Armando and Torlak, Emina and Udupa, Abhishek},
  year={2013},
  publisher={IEEE}
}